[gd_resource type="VisualShader" load_steps=14 format=2]

[ext_resource path="res://textures/asphalt/Asphalt_Normal.tga" type="Texture" id=1]
[ext_resource path="res://textures/asphalt/Asphalt_Base_Color.tga" type="Texture" id=2]

[sub_resource type="VisualShaderNodeTexture" id=1]
texture = ExtResource( 2 )
texture_type = 1

[sub_resource type="VisualShaderNodeTexture" id=2]
texture = ExtResource( 1 )
texture_type = 2

[sub_resource type="VisualShaderNodeInput" id=3]
input_name = "uv"

[sub_resource type="VisualShaderNodeScalarConstant" id=4]
constant = 2.0

[sub_resource type="VisualShaderNodeVectorOp" id=5]
default_input_values = [ 0, Vector3( 0, 0, 0 ), 1, Vector3( 0.5, 0.5, 1 ) ]
operator = 2

[sub_resource type="VisualShaderNodeScalarUniform" id=6]
uniform_name = "Length"

[sub_resource type="VisualShaderNodeVectorCompose" id=7]
default_input_values = [ 0, 0.0, 1, 1.0, 2, 1.0 ]

[sub_resource type="VisualShaderNodeInput" id=8]
input_name = "uv"

[sub_resource type="VisualShaderNodeVectorOp" id=9]
default_input_values = [ 0, Vector3( 0, 0, 0 ), 1, Vector3( 1, 1, 1 ) ]
operator = 2

[sub_resource type="VisualShaderNodeVectorOp" id=10]
default_input_values = [ 0, Vector3( 0, 0, 0 ), 1, Vector3( 1, 1, 1 ) ]
operator = 2

[sub_resource type="VisualShaderNodeInput" id=11]
input_name = "vertex"

[resource]
code = "shader_type spatial;
render_mode specular_schlick_ggx;

uniform float Length;
uniform sampler2D tex_frg_2 : hint_albedo;
uniform sampler2D tex_frg_3 : hint_normal;



void vertex() {
// Input:9
	vec3 n_out9p0 = VERTEX;

// VectorOp:8
	vec3 n_in8p1 = vec3(1.00000, 1.00000, 1.00000);
	vec3 n_out8p0 = n_out9p0 * n_in8p1;

// ScalarUniform:10
	float n_out10p0 = Length;

// VectorCompose:11
	float n_in11p1 = 1.00000;
	float n_in11p2 = 1.00000;
	vec3 n_out11p0 = vec3(n_out10p0, n_in11p1, n_in11p2);

// Input:4
	vec3 n_out4p0 = vec3(UV, 0.0);

// VectorOp:6
	vec3 n_out6p0 = n_out11p0 * n_out4p0;

// Output:0
	VERTEX = n_out8p0;
	UV = n_out6p0.xy;

}

void fragment() {
// Input:4
	vec3 n_out4p0 = vec3(UV, 0.0);

// VectorOp:6
	vec3 n_in6p1 = vec3(0.50000, 0.50000, 1.00000);
	vec3 n_out6p0 = n_out4p0 * n_in6p1;

// Scalar:5
	float n_out5p0 = 2.000000;

// Texture:2
	vec4 tex_frg_2_read = textureLod(tex_frg_2, n_out6p0.xy, n_out5p0);
	vec3 n_out2p0 = tex_frg_2_read.rgb;
	float n_out2p1 = tex_frg_2_read.a;

// Texture:3
	vec4 tex_frg_3_read = texture(tex_frg_3, UV.xy);
	vec3 n_out3p0 = tex_frg_3_read.rgb;
	float n_out3p1 = tex_frg_3_read.a;

// Output:0
	ALBEDO = n_out2p0;
	NORMALMAP = n_out3p0;

}

void light() {
// Output:0

}
"
graph_offset = Vector2( -380.949, -2.72493 )
nodes/vertex/4/node = SubResource( 8 )
nodes/vertex/4/position = Vector2( -460, 480 )
nodes/vertex/6/node = SubResource( 9 )
nodes/vertex/6/position = Vector2( -120, 280 )
nodes/vertex/8/node = SubResource( 10 )
nodes/vertex/8/position = Vector2( -120, 40 )
nodes/vertex/9/node = SubResource( 11 )
nodes/vertex/9/position = Vector2( -572.855, 31.77 )
nodes/vertex/10/node = SubResource( 6 )
nodes/vertex/10/position = Vector2( -980, 20 )
nodes/vertex/11/node = SubResource( 7 )
nodes/vertex/11/position = Vector2( -563.322, 236.985 )
nodes/vertex/connections = PoolIntArray( 6, 0, 0, 4, 9, 0, 8, 0, 8, 0, 0, 0, 10, 0, 11, 0, 11, 0, 6, 0, 4, 0, 6, 1 )
nodes/fragment/0/position = Vector2( 780, 120 )
nodes/fragment/2/node = SubResource( 1 )
nodes/fragment/2/position = Vector2( 280, 100 )
nodes/fragment/3/node = SubResource( 2 )
nodes/fragment/3/position = Vector2( -40, 680 )
nodes/fragment/4/node = SubResource( 3 )
nodes/fragment/4/position = Vector2( -640, 180 )
nodes/fragment/5/node = SubResource( 4 )
nodes/fragment/5/position = Vector2( -340, 420 )
nodes/fragment/6/node = SubResource( 5 )
nodes/fragment/6/position = Vector2( -265.129, 107.356 )
nodes/fragment/connections = PoolIntArray( 3, 0, 0, 8, 2, 0, 0, 0, 5, 0, 2, 1, 4, 0, 6, 0, 6, 0, 2, 0 )
